%% This BibTeX bibliography file was created using BibDesk.
%% http://bibdesk.sourceforge.net/

%% Created for Daniel Mayer at 2016-01-10 20:15:29 +0100 


%% Saved with string encoding Unicode (UTF-8) 



@misc{mod06ser,
	Date-Added = {2016-01-10 19:14:10 +0000},
	Date-Modified = {2016-01-10 19:15:09 +0000},
	Howpublished = {http://www.modbus.org/specs.php},
	Month = {Dezember},
	Title = {Modbus over serial line specification and implementation guide V1.02},
	Year = {2006}}

@misc{mod06tcp,
	Date-Added = {2016-01-10 19:11:25 +0000},
	Date-Modified = {2016-01-10 19:15:04 +0000},
	Howpublished = {http://www.modbus.org/specs.php},
	Month = {Oktober},
	Title = {Modbus messaging on TCP/IP implementation guide v1.0b},
	Year = {2006}}

@misc{mod12,
	Date-Added = {2016-01-10 18:55:40 +0000},
	Date-Modified = {2016-01-10 19:13:12 +0000},
	Howpublished = {http://www.modbus.org/specs.php},
	Month = {April},
	Publisher = {Modbus Organization},
	Title = {Modbus application protocol specification v1.1b3},
	Year = {2012}}

@book{schn06,
	Address = {Wiesbaden},
	Author = {Schnell, Gerhard and Wiedemann, Bernhard},
	Date-Added = {2016-01-07 10:53:26 +0000},
	Date-Modified = {2016-01-07 10:55:05 +0000},
	Edition = {6. {\"u}berarbeitete und aktualisierte Auflage},
	Publisher = {Vieweg+Teubner},
	Title = {Bussysteme in der Automatisierungs- und Prozesstechnik : Grundlagen, Systeme und Trends der industriellen Kommunikation},
	Year = {2006}}

@book{bo14,
	Address = {Berlin, Heidelberg},
	Author = {B{\"o}ckh, Peter von and Wetzel, Thomas},
	Date-Added = {2015-12-28 15:36:41 +0000},
	Date-Modified = {2015-12-28 15:38:14 +0000},
	Edition = {5. {\"u}berarbeitete und erweiterte Auflage 2014},
	Publisher = {Springer Vieweg},
	Title = {W{\"a}rme{\"u}bertragung: Grundlagen und Praxis},
	Year = {2014}}

@book{ba12,
	Address = {Berlin, Heidelberg},
	Author = {Baehr, Hans and Kabelac, Stephan},
	Date-Added = {2015-12-28 15:34:36 +0000},
	Date-Modified = {2015-12-28 15:36:33 +0000},
	Edition = {15. Auflage 2012},
	Publisher = {Springer Berlin Heidelberg},
	Title = {Thermodynamik: Grundlagen und technische Anwendungen},
	Year = {2012}}

@book{do12,
	Address = {Wiesbaden},
	Author = {Doering, Ernst and Schedwill, Herbert and Dehli, Martin},
	Date-Added = {2015-12-09 11:34:35 +0000},
	Date-Modified = {2016-01-07 10:55:12 +0000},
	Edition = {7. erweiterte und bearbeitete Auflage 2012},
	Publisher = {Vieweg+Teubner Verlag},
	Title = {Grundlagen der Technischen Thermodynamik : Lehrbuch f{\"u}r Studierende der Ingenieurwissenschaften},
	Year = {2012}}
